% Encoding: UTF-8
@Article{josephweizenbaum1966,
  author  = {Joseph Weizenbaum},
  title   = {ELIZAâ€”a computer program for the study of natural language communication between man and machine},
  journal = {Communications of the ACM},
  year    = {1966},
  volume  = {9},
  pages   = {36-45},
  month   = jan,
}
@article{DTW,
author = {Senin Pavel},
year = {2009},
month = {01},
title = {Dynamic Time Warping Algorithm Review}
}
@online{snips,
author = {Thibault Gisselbrecht and 
Joseph Dureau},
year = 2018,
title = {Machine Learning on Voice: a gentle introduction with Snips Personal Wake Word Detector}
}
@ARTICLE{sakoechiba,
  author={Sakoe, H. and Chiba, S.},
  journal={IEEE Transactions on Acoustics, Speech, and Signal Processing}, 
  title={Dynamic programming algorithm optimization for spoken word recognition}, 
  year={1978},
  volume={26},
  number={1},
  doi={10.1109/TASSP.1978.1163055}
  }
@inproceedings{chu2002iterative,
  title={Iterative deepening dynamic time warping for time series},
  author={Chu, Selina and Keogh, Eamonn and Hart, David and Pazzani, Michael},
  booktitle={Proceedings of the 2002 SIAM International Conference on Data Mining},
  pages={195--212},
  year={2002},
  organization={SIAM}
}
@article{wuwmobile,
    author = {A. Zehetner, M. Hagmuller, and F. Pernkopf},
    title = {WAKE-UP-WORD SPOTTING FOR MOBILE SYSTEMS},
    year = {2014}
}
@article{muda,
    author = {Lindasalwa Muda, Mumtaj Begam and I. Elamvazuthi},
    title = {Voice Recognition Algorithms using Mel Frequency Cepstral Coefficient (MFCC) and Dynamic Time Warping (DTW) Techniques},
    journal = {JOURNAL OF COMPUTING},
    year = {2010},
    volume = {2},
    issue = 3
}
@article{ftbasis,
    author = {Charles K. Alexander and Matthew N.O. Sadiku},
    title = {Fundamentals of Electric Circuits},
    year = {2000}
}

@article{sharma,
author = {Sharma, Vipul},
year = {2013},
month = {06},
pages = {826-837},
title = {Discrete & Continuous Mouse Motion Using Vocal & Non Vocal Characteristics of Human Voice.},
volume = {4},
journal = {International Journal of Computer and Information Sciences}
}

@misc{BCP47,
  added-at = {2013-06-12T18:02:08.000+0200},
  author = {Phillips, A. and Davis, M.},
  biburl = {https://www.bibsonomy.org/bibtex/2cd18c0b36db48a875eb47379986deade/matax},
  howpublished = {BCP 47 Standard, see \url{http://www.rfc-editor.org/rfc/bcp/bcp47.txt}},
  interhash = {4f1da6d17e1b8514316941a7401c0ba5},
  intrahash = {cd18c0b36db48a875eb47379986deade},
  keywords = {imported},
  month = {September},
  organization = {Internet Engineering Task Force},
  publisher = {IETF},
  timestamp = {2013-06-13T11:27:22.000+0200},
  title = {{BCP 47 -- Tags for Identifying Languages}},
  url = {http://www.rfc-editor.org/rfc/bcp/bcp47.txt},
  year = 2006
}




@INPROCEEDINGS{barakat,
  author={Barakat, M. S. and Ritz, C. H. and Stirling, D. A.},
  booktitle={2011 5th International Conference on Signal Processing and Communication Systems (ICSPCS)}, 
  title={Keyword spotting based on the analysis of template matching distances}, 
  year={2011},
  volume={},
  number={},
  pages={1-6},
  doi={10.1109/ICSPCS.2011.6140822}}
  
 
@ARTICLE{wilpon,  
author={Wilpon, J.G. and Rabiner, L.R. and Lee, C.-H. and Goldman, E.R.},  journal={IEEE Transactions on Acoustics, Speech, and Signal Processing},   title={Automatic recognition of keywords in unconstrained speech using hidden Markov models},   year={1990},  volume={38},  number={11},  pages={1870-1878},  doi={10.1109/29.103088}}

@INPROCEEDINGS{yadong,  author={Ya-Dong Wu and Bao-Long Liu},  booktitle={Proceedings of the 2003 International Conference on Machine Learning and Cybernetics (IEEE Cat. No.03EX693)},   title={Keyword spotting method based on speech feature space trace matching},   year={2003},  volume={5},  number={},  pages={3188-3192 Vol.5},  doi={10.1109/ICMLC.2003.1260128}}